%% This BibTeX bibliography file was created using BibDesk.
%% http://bibdesk.sourceforge.net/


%% Created for kmorel at 2013-01-09 11:29:08 -0700 


%% Saved with string encoding Unicode (UTF-8) 



@misc{ScientificDiscoveryExascale2011,
	Annote = {Workshop report on upcoming visualization challenges at exascale.  Big challenges include overcoming lower relative I/O rates through various more advanced I/O technologies such as in situ computations.  Also includes discussion on upcoming algorithmic challenges.},
	Author = {Sean Ahern and Arie Shoshani and Kwan-Liu Ma and others},
	Date-Added = {2013-01-09 11:29:04 -0700},
	Date-Modified = {2013-01-09 11:29:04 -0700},
	Howpublished = {Report from the DOE ASCR 2011 Workshop on Exascale Data Management, Analysis, and Visualization},
	Month = {February},
	Title = {Scientific Discovery at the Exascale},
	Url = {http://www.sandia.gov/~kmorel/documents/Exascale-ASCR-Analysis.pdf},
	Year = {2011},
	Bdsk-Url-1 = {http://www.sandia.gov/~kmorel/documents/Exascale-ASCR-Analysis.pdf}}

@techreport{DARPAExascaleStudy,
	Author = {Mark Richards and others},
	Date-Added = {2013-01-09 11:28:26 -0700},
	Date-Modified = {2013-01-09 11:28:26 -0700},
	Institution = {DARPA Information Processing Techniques Office (IPTO)},
	Month = {September},
	Title = {ExaScale Software Study: Software Challenges in Extreme Scale Systems},
	Year = {2009}}

@techreport{ExascaleRoadMap,
	Annote = {A workshop report prediciting the nature of an Exascale machine.  A reasonable source to pull some numbers comparing petascale to exascale machines (a la slide of doom).  See [Moreland2011:LDAV] for a usage.},
	Author = {Jack Dongarra and Pete Beechman and others},
	Date-Added = {2013-01-09 11:25:57 -0700},
	Date-Modified = {2013-01-09 11:25:57 -0700},
	Institution = {University of Tennessee},
	Month = {January},
	Number = {ut-cs-10-652},
	Title = {The International Exascale Software Project RoadMap},
	Url = {http://www.cs.utk.edu/~library/TechReports/2010/ut-cs-10-652.pdf},
	Year = {2010},
	Bdsk-Url-1 = {http://www.cs.utk.edu/~library/TechReports/2010/ut-cs-10-652.pdf}}

@techreport{ExascaleArchitecturesReport,
	Adsurl = {http://science.energy.gov/~/media/ascr/pdf/program-documents/docs/Arch_tech_grand_challenges_report.pdf},
	Annote = {Another workshop report for predicting exascale computers and the necessary changes for it.},
	Author = {Rick Stevens and Andrew White and others},
	Date-Added = {2013-01-09 11:25:40 -0700},
	Date-Modified = {2013-01-09 11:25:40 -0700},
	Institution = {ASCR Scientific Grand Challenges Workshop Series},
	Month = {December},
	Title = {Architectures and Technology for Extreme Scale Computing},
	Year = {2009}}

@article{Wylie2001,
	Annote = {Early article demonstrating the good scaling performance of sort-last parallel rendering.  (Does not really compare to other parallel rendering methods, although those are known to scale poorly.  You can use [Mueller1995] to argue poor scaling of sort-first.)},
	Author = {Brian Wylie and Constantine Pavlakos and Vasily Lewis and Kenneth Moreland},
	Date-Added = {2013-01-09 11:19:22 -0700},
	Date-Modified = {2013-01-09 11:19:22 -0700},
	Journal = {IEEE Computer Graphics and Applications},
	Month = {July/August},
	Number = {4},
	Pages = {62--70},
	Title = {Scalable Rendering on {PC} Clusters},
	Volume = {21},
	Year = {2001}}

@techreport{Ahrens2000,
	Annote = {One of the seminal papers on introducing parallelism and data streaming into VTK specifically and into pipelines in general.},
	Author = {James Ahrens and Charles Law and Will Schroeder and Ken Martin and Michael Papka},
	Date-Added = {2013-01-09 11:18:51 -0700},
	Date-Modified = {2013-01-09 11:18:51 -0700},
	Institution = {Los Alamos National Laboratory},
	Number = {\#LAUR-00-1620},
	Title = {A Parallel Approach for Efficiently Visualizing Extremely Large, Time-Varying Datasets},
	Year = {2000}}

@article{Childs2010,
	Annote = {Explores the scaling of visualization pipelines (VisIt specifically) on full petascale machines.},
	Author = {Hank Childs and David Pugmire and Sean Ahern and Brad Whitlock and Mark Howison and Prabhat and Gunther H. Weber and E. Wes Bethel},
	Date-Added = {2013-01-09 11:14:54 -0700},
	Date-Modified = {2013-01-09 11:14:54 -0700},
	Doi = {10.1109/MCG.2010.51},
	Journal = {IEEE Computer Graphics and Applications},
	Month = {May/June},
	Note = {{DOI}~10.1109/MCG.2010.51},
	Number = {3},
	Pages = {22--31},
	Title = {Extreme Scaling of Production Visualization Software on Diverse Architectures},
	Volume = {30},
	Year = {2010},
	Bdsk-Url-1 = {http://dx.doi.org/10.1109/MCG.2010.51}}

@manual{VisIt,
	Annote = {Dude, it's VisIt.},
	Date-Added = {2013-01-09 11:09:30 -0700},
	Date-Modified = {2013-01-09 11:09:30 -0700},
	Month = {October},
	Note = {Technical Report UCRL-SM-220449},
	Organization = {Lawrence Livermore National Laboratory},
	Title = {VisIt User's Manual},
	Year = {2005}}

@book{ParaView,
	Annote = {Dude, its ParaView.},
	Author = {Utkarsh Ayachit and others},
	Date-Added = {2013-01-09 11:09:20 -0700},
	Date-Modified = {2013-01-09 11:09:20 -0700},
	Edition = {4th},
	Note = {{ISBN} 978-1-930934-24-5},
	Publisher = {Kitware Inc.},
	Title = {The {ParaView} Guide: A Parallel Visualization Application},
	Url = {http://www.paraview.org},
	Year = {2012},
	Bdsk-Url-1 = {http://www.paraview.org}}
